@InProceedings{Kim2021,
  author       = {Kim, Seohyun and Zhao, Jinman and Tian, Yuchi and Chandra, Satish},
  booktitle    = {2021 IEEE/ACM 43rd International Conference on Software Engineering (ICSE)},
  date         = {2021},
  title        = {Code prediction by feeding trees to transformers},
  organization = {IEEE},
  pages        = {150--162},
}

@Comment{jabref-meta: databaseType:biblatex;}
